@article{Hofmann1990,
  title={Who invented ray tracing?},
  author={Georg Rainer Hofmann},
  journal={The Visual Computer},
  year={1990},
  volume={6},
  pages={120-124},
  url={https://api.semanticscholar.org/CorpusID:26348610}
}
